@inproceedings{o2008visible,
  title={Visible light communications: Challenges and possibilities},
  author={O'Brien, Dominic C and Zeng, Lubin and Le-Minh, Hoa and Faulkner, Grahame and Walewski, Joachim W and Randel, Sebastian},
  booktitle={2008 IEEE 19th International Symposium on Personal, Indoor and Mobile Radio Communications},
  pages={1--5},
  year={2008},
  organization={IEEE}
}

@ARTICLE{6011734,
author={H. {Elgala} and R. {Mesleh} and H. {Haas}},
title={Indoor optical wireless communication: potential and state-of-the-art},
journal={IEEE Communications Magazine},
year={2011},
volume={49},
number={9},
pages={56-62},
keywords={access protocols;indoor radio;optical communication;radiocommunication;indoor optical wireless communication;RF technology;solid state lighting technology;OW communication;MAC protocols;duplex transmission;link capacity improvement;Optical transmitters;OFDM;Optical receivers;Optical filters;Optical detectors;Optical modulation},
doi={10.1109/MCOM.2011.6011734},
ISSN={},
month={Sep.},}

@article{rajbhandari2015high,
  title={High-speed integrated visible light communication system: Device constraints and design considerations},
  author={Rajbhandari, Sujan and Chun, Hyunchae and Faulkner, Grahame and Cameron, Katherine and Jalajakumari, Aravind VN and Henderson, Robert and Tsonev, Dobroslav and Ijaz, Muhammad and Chen, Zhe and Haas, Harald and others},
  journal={IEEE Journal on Selected Areas in Communications},
  volume={33},
  number={9},
  pages={1750--1757},
  year={2015},
  organization={IEEE}
}

@inproceedings{elgala2007ofdm,
  title={OFDM visible light wireless communication based on white LEDs},
  author={Elgala, Hany and Mesleh, Raed and Haas, Harald and Pricope, Bogdan},
  booktitle={2007 IEEE 65th Vehicular Technology Conference-VTC2007-Spring},
  pages={2185--2189},
  year={2007},
  organization={IEEE}
}

@article{armstrong2009ofdm,
  title={OFDM for optical communications},
  author={Armstrong, Jean},
  journal={Journal of lightwave technology},
  volume={27},
  number={3},
  pages={189--204},
  year={2009},
  organization={IEEE}
}

@inproceedings{afgani2006visible,
  title={Visible light communication using OFDM},
  author={Afgani, Mostafa Z and Haas, Harald and Elgala, Hany and Knipp, Dietmar},
  booktitle={2nd International Conference on Testbeds and Research Infrastructures for the Development of Networks and Communities, 2006. TRIDENTCOM 2006.},
  pages={6--pp},
  year={2006},
  organization={IEEE}
}

@article{hranilovic2005design,
  title={On the design of bandwidth efficient signalling for indoor wireless optical channels},
  author={Hranilovic, Steve},
  journal={International Journal of Communication Systems},
  volume={18},
  number={3},
  pages={205--228},
  year={2005},
  publisher={Wiley Online Library}
}

@inproceedings{siuzdak2018modeling,
  title={On the modeling of lighting LED dynamic nonlinearity},
  author={Siuzdak, J and Kowalczyk, M and Stepniak, G},
  booktitle={Photonics Applications in Astronomy, Communications, Industry, and High-Energy Physics Experiments 2018},
  volume={10808},
  pages={1080804},
  year={2018},
  organization={International Society for Optics and Photonics}
}

@article{carruthers1996multiple,
  title={Multiple-subcarrier modulation for nondirected wireless infrared communication},
  author={Carruthers, Jeffrey B. and Kahn, Joseph M.},
  journal={IEEE Journal on Selected Areas in Communications},
  volume={14},
  number={3},
  pages={538--546},
  year={1996},
  publisher={IEEE}
}

@inproceedings{fernando2011flip,
  title={Flip-OFDM for optical wireless communications},
  author={Fernando, Nirmal and Hong, Yi and Viterbo, Emanuele},
  booktitle={2011 IEEE Information Theory Workshop},
  pages={5--9},
  year={2011},
  organization={IEEE}
}

@article{lee2009pam,
  title={PAM-DMT for intensity-modulated and direct-detection optical communication systems},
  author={Lee, Sian C Jeffrey and Randel, Sebastian and Breyer, Florian and Koonen, Antonius MJ},
  journal={IEEE Photonics Technology Letters},
  volume={21},
  number={23},
  pages={1749--1751},
  year={2009},
  publisher={IEEE}
}

@misc{parvez2010peak,
  title={Peak to Average Power ratio (PAPR) reduction in OFDM based radio systems},
  author={Parvez, Mohammad Zavid and Baki, Md and Al, Abdullah},
  year={2010}
}

@inproceedings{zekri1999dmt,
  title={DMT signals with low peak-to-average power ratio},
  author={Zekri, Mohamed and Boets, Patrick and Van Biesen, Leo},
  booktitle={Proceedings IEEE International Symposium on Computers and Communications (Cat. No. PR00250)},
  pages={362--368},
  year={1999},
  organization={IEEE}
}

@article{elgala2009non,
  title={Non-linearity effects and predistortion in optical OFDM wireless transmission using LEDs},
  author={Elgala, Hany and Mesleh, Raed and Haas, Harald},
  journal={International Journal of Ultra Wideband Communications and Systems},
  volume={1},
  number={2},
  pages={143--150},
  year={2009},
  publisher={Inderscience Publishers}
}

@inproceedings{yu2013peak,
  title={Peak-to-average power ratio and illumination-to-communication efficiency considerations in visible light OFDM systems},
  author={Yu, Zhenhua and Baxley, Robert J and Zhou, G Tong},
  booktitle={2013 IEEE International Conference on Acoustics, Speech and Signal Processing},
  pages={5397--5401},
  year={2013},
  organization={IEEE}
}

@inproceedings{yu2014distributions,
  title={Distributions of upper PAPR and lower PAPR of OFDM signals in visible light communications},
  author={Yu, Zhenhua and Baxley, Robert J and Zhou, G Tong},
  booktitle={2014 IEEE International Conference on Acoustics, Speech and Signal Processing (ICASSP)},
  pages={355--359},
  year={2014},
  organization={IEEE}
}

@article{zhang2014papr,
  title={PAPR reduction for DCO-OFDM visible light communications via semidefinite relaxation},
  author={Zhang, Hua and Yuan, Ying and Xu, Wei},
  journal={IEEE Photonics Technology Letters},
  volume={26},
  number={17},
  pages={1718--1721},
  year={2014},
  publisher={IEEE}
}

@article{han2005overview,
  title={An overview of peak-to-average power ratio reduction techniques for multicarrier transmission},
  author={Han, Seung Hee and Lee, Jae Hong},
  journal={IEEE wireless communications},
  volume={12},
  number={2},
  pages={56--65},
  year={2005},
  publisher={IEEE}
}

@article{hu2014tone,
  title={Tone reservation to minimize nonlinearity impact on OFDM signals},
  author={Hu, Meixia and Li, Yongzhao and Lu, Xiaofeng and Zhang, Hailin},
  journal={IEEE Transactions on Vehicular Technology},
  volume={64},
  number={9},
  pages={4310--4314},
  year={2014},
  publisher={IEEE}
}

@article{yu2015low,
  title={A low complexity tone reservation scheme based on time-domain kernel matrix for PAPR reduction in OFDM systems},
  author={Yu, Pingyuan and Jin, Shubo},
  journal={IEEE transactions on broadcasting},
  volume={61},
  number={4},
  pages={710--716},
  year={2015},
  publisher={IEEE}
}

@INPROCEEDINGS{7881207,
author={L. {Kong} and W. {Xu} and H. {Zhang} and C. {Zhao}},
booktitle={2016 IEEE 84th Vehicular Technology Conference (VTC-Fall)},
title={R-OFDM Transmission Scheme for Visible Light Communication Using RGBA-LED},
year={2016},
volume={},
number={},
pages={1-6},
keywords={error statistics;free-space optical communication;light emitting diodes;OFDM modulation;optical modulation;R-OFDM transmission scheme;visible light communication systems;RGBA-LED-based VLC systems;red chips;green chips;blue chips;amber chips;white light-emitting diode;reshaped orthogonal frequency division multiplexing transmission scheme;separation operation;biasing-after-clipping operation;BAC;color mix ratio;CMR;direct detection algorithm;bit error rate;BER;clipping ratio;CR;SNR upper bound;Optical transmitters;Optical receivers;Optical crosstalk;Light emitting diodes;Image color analysis;OFDM;Bit error rate},
doi={10.1109/VTCFall.2016.7881207},
ISSN={},
month={Sep.},}

@ARTICLE{7912358,
author={B. {Li} and W. {Xu} and H. {Zhang} and C. {Zhao} and L. {Hanzo}},
journal={IEEE Transactions on Vehicular Technology},
title={PAPR Reduction for Hybrid ACO-OFDM Aided IM/DD Optical Wireless Vehicular Communications},
year={2017},
volume={66},
number={10},
pages={9561-9566},
keywords={error statistics;free-space optical communication;OFDM modulation;optical modulation;pulse amplitude modulation;vehicular ad hoc networks;spectral efficiency;asymmetrically clipped optical OFDM;pulse-amplitude-modulated discrete multitone modulation;peak-to-average-power ratio;PAPR reduction methods;superimposed HACO-OFDM signals;specific PAPR reduction technique;PAPR statistics;hybrid ACO-OFDM aided IM-DD optical wireless vehicular communications;optical orthogonal frequency division multiplexing;tone injection;bit error ratio reduction;Peak to average power ratio;Time-domain analysis;Adaptive optics;Optical distortion;High-speed optical techniques;Optical modulation;Hybrid asymmetrically clipped optical orthogonal frequency division multiplexing (HACO-OFDM);optical wireless communications (OWC);peak-to-average-power ratio (PAPR) reduction},
doi={10.1109/TVT.2017.2698265},
ISSN={},
month={Oct},}

@INPROCEEDINGS{7925910,
author={J. {Du} and W. {Xu} and H. {Zhang} and C. {Zhao}},
booktitle={2017 IEEE Wireless Communications and Networking Conference (WCNC)},
title={Visible Light Communications Using Spatial Summing PAM with LED Array},
year={2017},
volume={},
number={},
pages={1-6},
keywords={amplitude shift keying;free-space optical communication;light emitting diodes;maximum likelihood detection;pulse amplitude modulation;visible light communication system;VLC system;LED nonlinearity mitigation;spatial summing pulse amplitude modulation;single signal stream detection;optimal maximum likelihood detector;LED array;spatial summing PAM error performance improvement;on-off keying;Light emitting diodes;Modulation;Optical transmitters;Detectors;Distortion;Optical receivers},
doi={10.1109/WCNC.2017.7925910},
ISSN={},
month={March},}

@INPROCEEDINGS{8108349,
author={J. {Xu} and H. {Shen} and W. {Xu} and H. {Zhang} and X. {You}},
booktitle={2017 IEEE 85th Vehicular Technology Conference (VTC Spring)},
title={LED-Assisted Three-Dimensional Indoor Positioning for Multiphotodiode Device Interfered by Multipath Reflections},
year={2017},
volume={},
number={},
pages={1-6},
keywords={free-space optical communication;Global Positioning System;indoor communication;light emitting diodes;light interference;photodiodes;photodiodes;received signal strength;LED-assisted three-dimensional indoor positioning scheme;multiphotodiode device interference;PD;fixed transmitting LED;terminal device estimation;RSS;LoS channels;multipath reflection coefficient;positioning error;nonLoS environment;line-of-sight channels;precise location estimation;light-emitting diodes;VLC;visible light communication;Light emitting diodes;Interference;Estimation;Receivers;Detectors;Bandwidth;Field effect transistors},
doi={10.1109/VTCSpring.2017.8108349},
ISSN={},
month={June},}

@inproceedings{jacklin2011convex,
  title={A convex optimization approach to reducing peak-to-average-power ratio in OFDM},
  author={Jacklin, Neil and Ding, Zhi},
  booktitle={2011 IEEE International Symposium of Circuits and Systems (ISCAS)},
  pages={973--976},
  year={2011},
  organization={IEEE}
}

@book{tellado2006multicarrier,
  title={Multicarrier modulation with low PAR: applications to DSL and wireless},
  author={Tellado, Jose},
  volume={587},
  year={2006},
  publisher={Springer Science \& Business Media}
}
